@STRING{ jacow  = "http://www.JACoW.org" }
@STRING( linac  = "Linear Accelerator Conference" )
@STRING( epac   = "European Particle Accelerator Conference" )

